[gd_scene load_steps=9 format=2]

[ext_resource path="res://Menus.tres" type="Theme" id=1]
[ext_resource path="res://shaders/wiggle.material" type="Material" id=2]
[ext_resource path="res://shaders/bob.material" type="Material" id=3]
[ext_resource path="res://images/valve.png" type="Texture" id=4]
[ext_resource path="res://images/floor-button.png" type="Texture" id=5]
[ext_resource path="res://images/crate.png" type="Texture" id=6]
[ext_resource path="res://images/computer.png" type="Texture" id=7]

[sub_resource type="AtlasTexture" id=1]
atlas = ExtResource( 7 )
region = Rect2( 1, 1, 30, 29 )

[node name="HowToPlay" type="CenterContainer"]
material = ExtResource( 2 )
anchor_right = 1.0
anchor_bottom = 1.0
theme = ExtResource( 1 )
__meta__ = {
"_edit_use_anchors_": false
}

[node name="VBoxContainer2" type="VBoxContainer" parent="."]
use_parent_material = true
margin_left = 173.0
margin_top = 137.0
margin_right = 595.0
margin_bottom = 630.0

[node name="VBoxContainer" type="VBoxContainer" parent="VBoxContainer2"]
use_parent_material = true
margin_right = 422.0
margin_bottom = 400.0
alignment = 1

[node name="HBoxContainer" type="HBoxContainer" parent="VBoxContainer2/VBoxContainer"]
use_parent_material = true
margin_right = 422.0
margin_bottom = 32.0
alignment = 1

[node name="Label" type="Label" parent="VBoxContainer2/VBoxContainer/HBoxContainer"]
use_parent_material = true
margin_left = 62.0
margin_top = 2.0
margin_right = 212.0
margin_bottom = 30.0
text = "When near a"

[node name="Label2" type="Label" parent="VBoxContainer2/VBoxContainer/HBoxContainer"]
modulate = Color( 0.862745, 0.784314, 0.141176, 1 )
use_parent_material = true
margin_left = 216.0
margin_top = 2.0
margin_right = 254.0
margin_bottom = 30.0
text = "job"

[node name="TextureRect" type="TextureRect" parent="VBoxContainer2/VBoxContainer/HBoxContainer"]
material = ExtResource( 3 )
margin_left = 258.0
margin_right = 288.0
margin_bottom = 32.0
texture = SubResource( 1 )
__meta__ = {
"_edit_use_anchors_": false
}

[node name="TextureRect2" type="TextureRect" parent="VBoxContainer2/VBoxContainer/HBoxContainer"]
material = ExtResource( 3 )
margin_left = 292.0
margin_right = 324.0
margin_bottom = 32.0
texture = ExtResource( 6 )
__meta__ = {
"_edit_use_anchors_": false
}

[node name="TextureRect3" type="TextureRect" parent="VBoxContainer2/VBoxContainer/HBoxContainer"]
material = ExtResource( 3 )
margin_left = 328.0
margin_right = 360.0
margin_bottom = 32.0
texture = ExtResource( 4 )
__meta__ = {
"_edit_use_anchors_": false
}

[node name="HBoxContainer3" type="HBoxContainer" parent="VBoxContainer2/VBoxContainer"]
use_parent_material = true
margin_top = 36.0
margin_right = 422.0
margin_bottom = 64.0
alignment = 1

[node name="Label3" type="Label" parent="VBoxContainer2/VBoxContainer/HBoxContainer3"]
use_parent_material = true
margin_left = 30.0
margin_right = 110.0
margin_bottom = 28.0
text = "Press "

[node name="Label4" type="Label" parent="VBoxContainer2/VBoxContainer/HBoxContainer3"]
modulate = Color( 0.298039, 0.745098, 0.156863, 1 )
use_parent_material = true
margin_left = 114.0
margin_right = 184.0
margin_bottom = 28.0
text = "space"

[node name="Label5" type="Label" parent="VBoxContainer2/VBoxContainer/HBoxContainer3"]
use_parent_material = true
margin_left = 188.0
margin_right = 392.0
margin_bottom = 28.0
text = "to begin working"

[node name="Control" type="Control" parent="VBoxContainer2/VBoxContainer"]
use_parent_material = true
margin_top = 68.0
margin_right = 422.0
margin_bottom = 88.0
rect_min_size = Vector2( 0, 20 )

[node name="HBoxContainer2" type="HBoxContainer" parent="VBoxContainer2/VBoxContainer"]
use_parent_material = true
margin_top = 92.0
margin_right = 422.0
margin_bottom = 120.0
alignment = 1

[node name="Label" type="Label" parent="VBoxContainer2/VBoxContainer/HBoxContainer2"]
modulate = Color( 0.862745, 0.784314, 0.141176, 1 )
use_parent_material = true
margin_right = 206.0
margin_bottom = 28.0
text = "Computer Tasks "

[node name="Label2" type="Label" parent="VBoxContainer2/VBoxContainer/HBoxContainer2"]
use_parent_material = true
margin_left = 210.0
margin_right = 422.0
margin_bottom = 28.0
text = "are completed by"

[node name="Label2" type="Label" parent="VBoxContainer2/VBoxContainer"]
modulate = Color( 0.298039, 0.745098, 0.156863, 1 )
use_parent_material = true
margin_top = 124.0
margin_right = 422.0
margin_bottom = 152.0
text = "mashing any key"
align = 1

[node name="Control2" type="Control" parent="VBoxContainer2/VBoxContainer"]
use_parent_material = true
margin_top = 156.0
margin_right = 422.0
margin_bottom = 176.0
rect_min_size = Vector2( 0, 20 )

[node name="HBoxContainer4" type="HBoxContainer" parent="VBoxContainer2/VBoxContainer"]
use_parent_material = true
margin_top = 180.0
margin_right = 422.0
margin_bottom = 208.0
alignment = 1

[node name="Label" type="Label" parent="VBoxContainer2/VBoxContainer/HBoxContainer4"]
modulate = Color( 0.862745, 0.784314, 0.141176, 1 )
use_parent_material = true
margin_left = 36.0
margin_right = 170.0
margin_bottom = 28.0
text = "Box Tasks "

[node name="Label2" type="Label" parent="VBoxContainer2/VBoxContainer/HBoxContainer4"]
use_parent_material = true
margin_left = 174.0
margin_right = 386.0
margin_bottom = 28.0
text = "are completed by"

[node name="Label3" type="Label" parent="VBoxContainer2/VBoxContainer"]
modulate = Color( 0.298039, 0.745098, 0.156863, 1 )
use_parent_material = true
margin_top = 212.0
margin_right = 422.0
margin_bottom = 240.0
text = "tapping the move keys "
align = 1

[node name="HBoxContainer6" type="HBoxContainer" parent="VBoxContainer2/VBoxContainer"]
use_parent_material = true
margin_top = 244.0
margin_right = 422.0
margin_bottom = 276.0
alignment = 1

[node name="Label4" type="Label" parent="VBoxContainer2/VBoxContainer/HBoxContainer6"]
use_parent_material = true
margin_left = 67.0
margin_top = 2.0
margin_right = 261.0
margin_bottom = 30.0
text = "and moving the "
align = 1

[node name="Label5" type="Label" parent="VBoxContainer2/VBoxContainer/HBoxContainer6"]
modulate = Color( 0.862745, 0.784314, 0.141176, 1 )
use_parent_material = true
margin_left = 265.0
margin_top = 2.0
margin_right = 319.0
margin_bottom = 30.0
text = "box "
align = 1

[node name="Box" type="TextureRect" parent="VBoxContainer2/VBoxContainer/HBoxContainer6"]
material = ExtResource( 3 )
margin_left = 323.0
margin_right = 355.0
margin_bottom = 32.0
texture = ExtResource( 6 )
__meta__ = {
"_edit_use_anchors_": false
}

[node name="HBoxContainer7" type="HBoxContainer" parent="VBoxContainer2/VBoxContainer"]
use_parent_material = true
margin_top = 280.0
margin_right = 422.0
margin_bottom = 312.0
alignment = 1

[node name="Label6" type="Label" parent="VBoxContainer2/VBoxContainer/HBoxContainer7"]
use_parent_material = true
margin_left = 99.0
margin_top = 2.0
margin_right = 189.0
margin_bottom = 30.0
text = "to the "
align = 1

[node name="Label7" type="Label" parent="VBoxContainer2/VBoxContainer/HBoxContainer7"]
modulate = Color( 0.862745, 0.784314, 0.141176, 1 )
use_parent_material = true
margin_left = 193.0
margin_top = 2.0
margin_right = 287.0
margin_bottom = 30.0
text = "button "
align = 1

[node name="Button" type="TextureRect" parent="VBoxContainer2/VBoxContainer/HBoxContainer7"]
material = ExtResource( 3 )
margin_left = 291.0
margin_right = 323.0
margin_bottom = 32.0
texture = ExtResource( 5 )
__meta__ = {
"_edit_use_anchors_": false
}

[node name="Control3" type="Control" parent="VBoxContainer2/VBoxContainer"]
use_parent_material = true
margin_top = 316.0
margin_right = 422.0
margin_bottom = 336.0
rect_min_size = Vector2( 0, 20 )

[node name="HBoxContainer5" type="HBoxContainer" parent="VBoxContainer2/VBoxContainer"]
use_parent_material = true
margin_top = 340.0
margin_right = 422.0
margin_bottom = 368.0
alignment = 1

[node name="Label3" type="Label" parent="VBoxContainer2/VBoxContainer/HBoxContainer5"]
modulate = Color( 0.862745, 0.784314, 0.141176, 1 )
use_parent_material = true
margin_left = 27.0
margin_right = 179.0
margin_bottom = 28.0
text = "Valve Tasks "

[node name="Label4" type="Label" parent="VBoxContainer2/VBoxContainer/HBoxContainer5"]
use_parent_material = true
margin_left = 183.0
margin_right = 395.0
margin_bottom = 28.0
text = "are completed by"

[node name="Label4" type="Label" parent="VBoxContainer2/VBoxContainer"]
modulate = Color( 0.298039, 0.745098, 0.156863, 1 )
use_parent_material = true
margin_top = 372.0
margin_right = 422.0
margin_bottom = 400.0
text = "spinning the valve 3 times"
align = 1

[node name="Control4" type="Control" parent="VBoxContainer2"]
use_parent_material = true
margin_top = 404.0
margin_right = 422.0
margin_bottom = 444.0
rect_min_size = Vector2( 0, 40 )

[node name="Close" type="Button" parent="VBoxContainer2"]
use_parent_material = true
margin_top = 448.0
margin_right = 422.0
margin_bottom = 493.0
text = "Got it! Thanks!"
